<record><leader>00000cas a2200000 a 4500</leader><controlfield tag="001">11384903</controlfield><controlfield tag="008">841114d19161991ncudr ne      0    0eng  </controlfield><datafield ind1=" " ind2=" " tag="010"><subfield code="a">sn 84020686 </subfield></datafield><datafield ind1=" " ind2=" " tag="040"><subfield code="a">DLC</subfield><subfield code="b">eng</subfield><subfield code="c">DLC</subfield><subfield code="d">NVJ</subfield><subfield code="d">OCL</subfield><subfield code="d">NSD</subfield><subfield code="d">NVJ</subfield><subfield code="d">DLC</subfield><subfield code="d">OCLCQ</subfield><subfield code="d">OCLCO</subfield><subfield code="d">OCLCF</subfield></datafield><datafield ind1=" " ind2=" " tag="019"><subfield code="a">10482677</subfield></datafield><datafield ind1="1" ind2=" " tag="029"><subfield code="a">AU@</subfield><subfield code="b">000020665544</subfield></datafield><datafield ind1=" " ind2=" " tag="037"><subfield code="b">14 O. Henry Avenue, Asheville, N.C. 28802</subfield></datafield><datafield ind1=" " ind2=" " tag="042"><subfield code="a">pcc</subfield></datafield><datafield ind1=" " ind2=" " tag="043"><subfield code="a">n-us-nc</subfield></datafield><datafield ind1="0" ind2="0" tag="050"><subfield code="a">Newspaper</subfield></datafield><datafield ind1="0" ind2="4" tag="245"><subfield code="a">The Asheville times.</subfield></datafield><datafield ind1="1" ind2="3" tag="246"><subfield code="a">Asheville Sunday times</subfield></datafield><datafield ind1="1" ind2="3" tag="246"><subfield code="a">Asheville citizen-times</subfield></datafield><datafield ind1="1" ind2="3" tag="246"><subfield code="a">Sheville citizen times</subfield></datafield><datafield ind1="1" ind2="3" tag="246"><subfield code="a">Citizen and the times</subfield></datafield><datafield ind1=" " ind2=" " tag="260"><subfield code="a">Asheville, N.C. :</subfield><subfield code="b">Evening News Pub. Co.,</subfield><subfield code="c">1916-1991.</subfield></datafield><datafield ind1=" " ind2=" " tag="300"><subfield code="a">v. :</subfield><subfield code="b">ill. ;</subfield><subfield code="c">58 cm.</subfield></datafield><datafield ind1=" " ind2=" " tag="310"><subfield code="a">Daily,</subfield><subfield code="b">Oct. 22, 1916-</subfield></datafield><datafield ind1=" " ind2=" " tag="321"><subfield code="a">Daily (except Sunday),</subfield><subfield code="b">Feb. 21-Oct. 21, 1916</subfield></datafield><datafield ind1="0" ind2=" " tag="362"><subfield code="a">Vol. 21, no. 6 (Feb. 21, 1916)-(June 30, 1991).</subfield></datafield><datafield ind1=" " ind2=" " tag="500"><subfield code="a">On Saturdays published as: Asheville citizen-times, Mar. 18, 1978-June 29, 1991.</subfield></datafield><datafield ind1=" " ind2=" " tag="500"><subfield code="a">On Sundays published as: Asheville Sunday times, Oct. 22, 1916-Nov. 13, 1921, and: Asheville citizen-times, Sept. 7, 1930-June 30, 1991.</subfield></datafield><datafield ind1=" " ind2=" " tag="500"><subfield code="a">Published as: Citizen and the times, Jan. 28, 1939.</subfield></datafield><datafield ind1=" " ind2=" " tag="500"><subfield code="a">Independent Democratic.</subfield></datafield><datafield ind1=" " ind2=" " tag="530"><subfield code="a">Also issued on microfilm from the Library of Congress, Photoduplication Service.</subfield></datafield><datafield ind1=" " ind2="0" tag="651"><subfield code="a">Asheville (N.C.)</subfield><subfield code="v">Newspapers.</subfield></datafield><datafield ind1=" " ind2="7" tag="655"><subfield code="a">Newspapers.</subfield><subfield code="2">fast</subfield><subfield code="0">(OCoLC)fst01423814</subfield></datafield><datafield ind1=" " ind2="7" tag="651"><subfield code="a">North Carolina</subfield><subfield code="z">Asheville.</subfield><subfield code="2">fast</subfield><subfield code="0">(OCoLC)fst01205440</subfield></datafield><datafield ind1=" " ind2=" " tag="752"><subfield code="a">United States</subfield><subfield code="b">North Carolina</subfield><subfield code="c">Buncombe</subfield><subfield code="d">Asheville.</subfield></datafield><datafield ind1="0" ind2="0" tag="780"><subfield code="t">Asheville gazette-news</subfield><subfield code="w">(DLC)sn 84020685</subfield></datafield><datafield ind1="0" ind2="7" tag="785"><subfield code="t">Asheville citizen (Asheville, N.C. : 1900)</subfield><subfield code="w">(DLC)sn 91068077</subfield></datafield><datafield ind1="0" ind2="7" tag="785"><subfield code="t">Asheville citizen-times (Asheville, N.C. : Daily)</subfield><subfield code="x">1060-3255</subfield><subfield code="w">(DLC)sn 91068082</subfield></datafield></record>